<?xml version="1.0" encoding="UTF-8"?><collection xmlns="http://www.loc.gov/MARC21/slim"><record><leader>00372nam--2200133-i-4500</leader><controlfield tag="001">000003545</controlfield><controlfield tag="002">20161230</controlfield><controlfield tag="005">20161230201025</controlfield><controlfield tag="008">060222s1000------------r-----000-0-eng-d</controlfield><datafield ind1=" " ind2=" " tag="100"><subfield code="a">Thellesme, J.De</subfield></datafield><datafield ind1=" " ind2=" " tag="245"><subfield code="a">Les piles electriques. construction. fonctionnement. entretien. applications</subfield></datafield><datafield ind1=" " ind2=" " tag="260"><subfield code="a">Paris, Gauthier-villars, 1941</subfield></datafield><datafield ind1=" " ind2=" " tag="490"><subfield code="a">179p</subfield></datafield><datafield ind1=" " ind2=" " tag="852"><subfield code="a">541.136:621.35</subfield></datafield></record></collection>